@book{tdd-by-example,
  author    = "Kent Beck",
  title     = "Test-driven Development By Example",
  publisher = "Addison Wesley",
  year      = "2003",
  address   = "Boston"
}

@book{legacy-code,
  author    = "Michael C. Feathers",
  title     = "Working Effectively wth Legacy Code",
  publisher = "Prentice Hall",
  year      = "2005",
  address   = "Upper Saddle River"
}

@book{working-with-unit-tests,
  author    = "Jay Fields",
  title     = "Working Effectively wth Unit Tests",
  publisher = "Leanpub",
  year      = "2014"
}

@book{phpunit-usecases,
  author    = "Sebastian Bergmann \and Stefan Priebsch",
  title     = "Real-World Solutions for Developing High-Quality PHP Frameworks and Applications",
  publisher = "Wiley Publishing",
  year      = "2011",
  address   = "Indianapois"
}

@book{phpunit-usecases-de,
  author    = "Sebastian Bergmann \and Stefan Priebsch",
  title     = "Softwarequalität in PHP-Projekten",
  publisher = "Carl Hanser",
  year      = "2013",
  address   = "München"
}

@book{xunit-patterns,
  author    = "Gerard Meszaros",
  title     = "xUnit Test Patterns: Refactoring Test Code",
  publisher = "Addison Wesley",
  year      = "2007",
  address   = "Boston"
}
